
@inproceedings{maim2007populating,
  title={Populating ancient pompeii with crowds of virtual romans},
  author={Ma{\\"\i}m, J. and Haegler, S. and Yersin, B. and Mueller, P. and Thalmann, D. and Van Gool, L.},
  booktitle={Proceedings of the 8th International Symposium on Virtual Reality, Archaeology and Cultural Heritage (VAST 2007)},
  pages={26--30},
  year={2007}
}

