
@inproceedings{parish2001procedural,
  title={Procedural modeling of cities},
  author={Parish, Y.I.H. and M{\"u}ller, P.},
  booktitle={Proceedings of the 28th annual conference on Computer graphics and interactive techniques},
  pages={301--308},
  year={2001},
  organization={ACM}
}

@inproceedings{maim2007populating,
  title={Populating ancient pompeii with crowds of virtual romans},
  author={Ma{\"i}m, J. and Haegler, S. and Yersin, B. and Mueller, P. and Thalmann, D. and Van Gool, L.},
  booktitle={Proceedings of the 8th International Symposium on Virtual Reality, Archaeology and Cultural Heritage (VAST 2007)},
  pages={26--30},
  year={2007}
}

@misc{web:metropolis,
	Author = {Metropolis Team},
	Title = {Metropolis},
	howpublished = {\url{http://gv2.cs.tcd.ie/metropolis/}} 
	,note={Date Accessed: 3rd June, 2011}
}

@inproceedings{ulicny2002towards,
  title={Towards Interactive Real-Time Crowd Behavior Simulation},
  author={Ulicny, B. and Thalmann, D.},
  booktitle={Computer Graphics Forum},
  volume={21},
  number={4},
  pages={767--775},
  year={2002},
  organization={Wiley Online Library}
}

@article{mcdonnell2007pipeline,
  title={Pipeline for Populating Games with Realistic Crowds},
  author={McDonnell, R. and Dobbyn, S. and O’Sullivan, C.},
  journal={International Journal of Intelligent Games and Simulation},
  volume={4},
  number={2},
  pages={1--15},
  year={2007}
}

@inproceedings{so1998reconstruction,
  title={Reconstruction of 3D virtual buildings from 2D architectural floor plans},
  author={So, C. and Baciu, G. and Sun, H.},
  booktitle={Proceedings of the ACM symposium on Virtual reality software and technology},
  pages={17--23},
  year={1998},
  organization={ACM}
}

@inproceedings{greuter2003real,
  title={Real-time procedural generation of pseudo infinite cities},
  author={Greuter, S. and Parker, J. and Stewart, N. and Leach, G.},
  booktitle={Proceedings of the 1st international conference on Computer graphics and interactive techniques in Australasia and South East Asia},
  pages={87--ff},
  year={2003},
  organization={ACM}
}

@misc{web:javascriptbadparts,
	Author = {Douglas Crockford},
	Title = {Javascript: The Bad Parts},
	howpublished = {\url{http://oreilly.com/javascript/excerpts/javascript-good-parts/bad-parts.html}} 
	,note={Date Accessed: 12th Feb, 2011}
}


@misc{web:threejs,
	howpublished = {\url{https://github.com/mrdoob/three.js}} 
	,note={Date Accessed: 12th Aug, 2011}
}

@misc{web:copperlicht,
	howpublished = {\url{http://www.ambiera.com/copperlicht/index.html}}
	,note={Date Accessed: 13th Jul, 2011}
}

@misc{web:coffeescript,
	howpublished = {\url{http://jashkenas.github.com/coffee-script/}}
	,note={Date Accessed: 9th May, 2011}
}

@misc{web:jslint,
	howpublished = {\url{http://www.jslint.com/}}
	,note={Date Accessed: 21st May, 2011}
}

@misc{web:processingjs,
	howpublished = {\url{http://processingjs.org/}}
	,note={Date Accessed: 15th Jan, 2011}
}

@misc{web:processing,
	howpublished = {\url{http://processing.org/}}
	,note={Date Accessed: 1st Feb, 2011}
}

@misc{web:gwt,
	howpublished = {\url{http://code.google.com/webtoolkit/}}
	,note={Date Accessed: 3rd March, 2011}
}

@misc{web:jsni,
	howpublished = {\url{http://googlewebtoolkit.blogspot.com/2008/07/getting-to-really-know-gwt-part-1-jsni.html}}
	,note={Date Accessed: 4th August, 2011}
}

@misc{web:gwtgl,
	howpublished = {\url{http://code.google.com/p/gwtgl/}}
	,note={Date Accessed: 15th August, 2011}
}

@misc{web:java,
	howpublished = {\url{http://www.java.com/en/}}
	,note={Date Accessed: 15th August, 2011}
}

@misc{web:demoscene4k,
	howpublished = {\url{http://awards.scene.org/nominees.php?year=2010&cat=10}}
	,note={Date Accessed: 15th August, 2011}
}

@misc{web:theprodukkt,
	howpublished = {\url{http://www.theprodukkt.com/}}
	,note={Date Accessed: 15th August, 2011}
}

@misc{web:kkrieger,
	howpublished = {\url{http://www.theprodukkt.com/kkrieger}}
	,note={Date Accessed: 15th August, 2011}
}

@misc{web:webglspec,
	howpublished = {\url{http://www.khronos.org/registry/webgl/specs/latest/}}
	,note={Date Accessed: 15th August, 2011}
}

@misc{web:glsl,
	howpublished = {\url{http://www.opengl.org/registry/doc/GLSLangSpec.4.10.6.clean.pdf}}
	,note={Date Accessed: 15th August, 2011}
}

@misc{web:chromeexperiments,
	howpublished = {\url{http://www.chromeexperiments.com/webgl}}
	,note={Date Accessed: 15th August, 2011}
}

@inproceedings{hahn2006persistent,
  title={Persistent realtime building interior generation},
  author={Hahn, E. and Bose, P. and Whitehead, A.},
  booktitle={Proceedings of the 2006 ACM SIGGRAPH symposium on Videogames},
  pages={179--186},
  year={2006},
  organization={ACM}
}

@misc{web:o3d,
	howpublished = {\url{http://code.google.com/apis/o3d/}}
	,note={Date Accessed: 15th August, 2011}
}
@misc{web:vrml,
	howpublished = {\url{http://www.w3.org/MarkUp/VRML/}}
	,note={Date Accessed: 15th August, 2011}
}

@misc{web:webglframeworks,
	howpublished = {\url{http://www.khronos.org/webgl/wiki/User_Contributions#Frameworks}}
	,title={Frameworks}
	,note={Date Accessed: 15th August, 2011}
}

@book{wonka2003instant,
  title={Instant architecture},
  author={Wonka, P. and Wimmer, M. and Sillion, F. and Ribarsky, W.},
  year={2003},
  publisher={ACM}
}

@misc{web:html5canvas,
	howpublished = {\url{http://dev.w3.org/html5/spec/Overview.html#the-canvas-element}}
	,title={HTML5}
	,note={Date Accessed: 15th August, 2011}
}

@misc{web:html5,
	howpublished = {\url{http://www.whatwg.org/specs/web-apps/current-work/multipage/}}
	,note={Date Accessed: 15th August, 2011}
}

@misc{web:kongregate,
	howpublished = {\url{http://www.kongregate.com/}}
	,note={Date Accessed: 15th August, 2011}
}

@misc{web:html5games,
	howpublished = {\url{http://html5games.com/}}
	,note={Date Accessed: 15th August, 2011}
}

@misc{web:powervrmbx,
	howpublished = {\url{http://www.imgtec.com/powervr/mbx.asp}}
	,note={Date Accessed: 15th August, 2011}
}

@misc{web:powervrsgx,
	howpublished = {\url{http://www.imgtec.com/powervr/sgx_series5.asp}}
	,note={Date Accessed: 15th August, 2011}
}

@misc{web:opengles11,
	howpublished = {\url{http://www.khronos.org/opengles/1_X/}}
	,note={Date Accessed: 15th August, 2011}
}

@misc{web:opengles20,
	howpublished = {\url{http://www.khronos.org/opengles/2_X/}}
	,note={Date Accessed: 15th August, 2011}
}

@misc{web:webglbumpmapping,
	howpublished = {\url{http://www.ibiblio.org/e-notes/webgl/models/bump_ext.html}}
	,note={Date Accessed: 15th August, 2011}
}

@misc{web:webglwater,
	howpublished = {\url{http://madebyevan.com/webgl-water/}}
	,note={Date Accessed: 15th August, 2011}
}

@inproceedings{kilgard2000practical,
  title={A practical and robust bump-mapping technique for today’s GPUs},
  author={Kilgard, M.J.},
  booktitle={Game Developers Conference 2000},
  year={2000},
  organization={Citeseer}
}

@misc{web:perlingames,
	howpublished = {\url{http://devmag.org.za/2009/04/25/perlin-noise/}}
	,note={Date Accessed: 15th August, 2011}
}

@inproceedings{greuter2003undiscovered,
  title={Undiscovered Worlds--Towards a Framework for Real-Time Procedural World Generation},
  author={Greuter, S. and Parker, J. and Stewart, N. and Leach, G.},
  booktitle={Fifth International Digital Arts and Culture Conference, Melbourne, Australia},
  year={2003},
  organization={Citeseer}
}

@inproceedings{martin2006procedural,
  title={Procedural house generation: A method for dynamically generating floor plans},
  author={Martin, J.},
  booktitle={Proceedings of the Symposium on Interactive 3D Graphics and Games},
  year={2006},
  organization={Citeseer}
}

@mastersthesis{bradley2005towards,
	title={Towards the Procedural Generation of Urban Building Interiors},
	author={Bradley, Benjamin},
	school={The University of Hull},
	year={2005},
	month={August}
}

@article{Perlin:1985:IS:325165.325247,
 author = {Perlin, Ken},
 title = {An image synthesizer},
 journal = {SIGGRAPH Comput. Graph.},
 volume = {19},
 issue = {3},
 month = {July},
 year = {1985},
 issn = {0097-8930},
 pages = {287--296},
 numpages = {10},
 url = {http://doi.acm.org/10.1145/325165.325247},
 doi = {http://doi.acm.org/10.1145/325165.325247},
 acmid = {325247},
 publisher = {ACM},
 address = {New York, NY, USA},
 keywords = {algorithm development, fire, functional composition, interactive, pixel stream editor, solid texture, space function, stochastic modelling, turbulence, waves},
}

@misc{web:webglnoise,
	howpublished = {\url{https://github.com/ashima/webgl-noise}}
	,note={Date Accessed: 15th August, 2011}
}

@article{gustavson2005simplex,
  title={Simplex noise demystified},
  author={Gustavson, S.},
  journal={Link{\\"o}ping University, Schweden},
  year={2005}
}

@misc{web:oesstdder,
	howpublished = {\url{http://www.khronos.org/registry/webgl/extensions/OES_standard_derivatives/}}
	,note={Date Accessed: 15th August, 2011}
}


@misc{web:chromium,
	howpublished = {\url{http://www.chromium.org/Home}}
	,note={Date Accessed: 15th August, 2011}
}

@book{rost2006opengl,
  title={OpenGL shading language},
  author={Rost, R.J. and Kessenich, J.M.},
  year={2006},
  publisher={Addison-Wesley Professional}
}

@misc{web:mayangtex,
	howpublished = {\url{http://mayang.com/textures/}}
	,note={Date Accessed: 15th August, 2011}
}

@misc{web:tankworld,
	howpublished = {\url{http://www.playtankworld.com/}}
	,note={Date Accessed: 28th August, 2011}
}

@inproceedings{hoppe1996progressive,
  title={Progressive meshes},
  author={Hoppe, H.},
  booktitle={Proceedings of the 23rd annual conference on Computer graphics and interactive techniques},
  pages={99--108},
  year={1996},
  organization={ACM}
}

@misc{web:maven,
	howpublished = {\url{http://maven.apache.org/}}
	,note={Date Accessed: 28th August, 2011}
}

@misc{web:tomcat,
	howpublished = {\url{http://tomcat.apache.org/}}
	,note={Date Accessed: 28th August, 2011}
}

@misc{web:mvntomcatplugin,
	howpublished = {\url{http://mojo.codehaus.org/tomcat-maven-plugin/deployment.html}}
	,note={Date Accessed: 28th August, 2011}
}

@misc{web:mvngwtplugin,
	howpublished = {\url{http://mojo.codehaus.org/gwt-maven-plugin/}}
	,note={Date Accessed: 28th August, 2011}
}

@misc{web:oblivionmodpack,
	howpublished = {\url{http://www.tesnexus.com/downloads/file.php?id=32845}}
	,note={Date Accessed: 28th August, 2011}
}
